@INPROCEEDINGS{goip99,
    author = {Deborah Goldman and Sorin Istrail Y and Christos H. Papadimitriou Z},
    title = {Algorithmic aspects of protein structure similarity},
    booktitle = {In 40th Annual Symposium on Foundations of Computer Science},
    year = {1999},
    pages = {512--521}
}

@article{agmw07,
  author    = {Pankaj K. Agarwal and
               Nabil H. Mustafa and
               Yusu Wang},
  title     = {Fast Molecular Shape Matching Using Contact Maps},
  journal   = {Journal of Computational Biology},
  volume    = {14},
  number    = {2},
  year      = {2007},
  pages     = {131-143},
}

@article{anmy11,
  author = {Andonov, Rumen and Malod-Dognin, NoÃ«l and Yanev, Nicola},
  journal = {Journal of Computational Biology},
  number = 1,
  pages = {27-41},
  title = {Maximum Contact Map Overlap Revisited},
  volume = 18,
  year = 2011
}

@book{k73,
	    author = {Knuth, D.E},
	    title = {The Art of Computer Programming},
	    publisher = {Addison-Wesley, Reading,MA},
	    volume = 1,
	    YEAR = 1973
}

@article{walc13,
title = "Protein folding on the ribosome studied using \{NMR\} spectroscopy",
journal = "Progress in Nuclear Magnetic Resonance Spectroscopy ",
volume = "74",
pages = "57 - 75",
year = "2013",
author = "Christopher A. Waudby and HÃ©lÃ¨ne Launay and Lisa D. Cabrita and John Christodoulou",
}

@article{anca08,
author="Ilari, Andrea
and Savino, Carmelinda ",
title="Protein Structure Determination by X-Ray Crystallography",
series="Methods in Molecular Biology",
year="2008",
month="May",
volume="452",
}

@Article{hozr13,
   Author="Ho, H. K.  and Zhang, L.  and Ramamohanarao, K.  and Martin, S. ",
   Title="{{A} survey of machine learning methods for secondary and supersecondary protein structure prediction}",
   Journal="Methods Mol. Biol.",
   Year="2013",
   Volume="932",
   Pages="87--106"
}


@article{zhhz05,
 author = {Zhang, Guang-Zheng and Huang, D. S. and Zhu, Y. P. and Li, Y. X.},
 title = {Improving Protein Secondary Structure Prediction by Using the Residue Conformational Classes},
 journal = {Pattern Recogn. Lett.},
 volume = {26},
 number = {15},
 month = nov,
 year = {2005},
 pages = {2346--2352},
 publisher = {Elsevier Science Inc.},
 address = {New York, NY, USA},
}

@article{wewm05,
 author = {Wen, Zhi-ning and Wang, Ke-long and Li, Meng-long and Nie, Fu-sheng and Yang, Yi},
 title = {Analyzing Functional Similarity of Protein Sequences with Discrete Wavelet Transform},
 journal = {Comput. Biol. Chem.},
 volume = {29},
 number = {3},
 month = jun,
 year = {2005},
 pages = {220--228},
 publisher = {Elsevier Science Publishers B. V.},
 address = {Amsterdam, The Netherlands, The Netherlands},
}


@article{ksck13,
author = {Kshirsagar, Meghana and Carbonell, Jaime and Klein-Seetharaman, Judith},
title = {Multitask learning for hostâ€“pathogen protein interactions},
volume = {29},
number = {13},
pages = {i217-i226},
year = {2013},
journal = {Bioinformatics}
}

@incollection{terp10,
year={2010},
booktitle={Pattern Recognition in Bioinformatics},
volume={6282},
series={Lecture Notes in Computer Science},
editor={Dijkstra, TjeerdM.H. and Tsivtsivadze, Evgeni and Marchiori, Elena and Heskes, Tom},
title={An On/Off Lattice Approach to Protein Structure Prediction from Contact Maps},
publisher={Springer Berlin Heidelberg},
author={Teso, Stefano and Risio, Cristina and Passerini, Andrea and Battiti, Roberto},
pages={368-379}
}


@inproceedings{vupf08,
  author = {Vullo, Alessandro and Passerini, Andrea and Frasconi, Paolo and Costa, Fabrizio and Pollastri, Gianluca},
  booktitle = {EvoBIO},
  date = {2008-04-15},
  editor = {Marchiori, Elena and Moore, Jason H.},
  pages = {200-211},
  publisher = {Springer},
  series = {Lecture Notes in Computer Science},
  title = {On the Convergence of Protein Structure and Dynamics. Statistical Learning Studies of Pseudo Folding Pathways.},
  volume = 4973,
  year = 2008
}

@Article{zhang08,
   Author="Zhang, Y.",
   Title="{{P}rogress and challenges in protein structure prediction}",
   Journal="Curr. Opin. Struct. Biol.",
   Year="2008",
   Volume="18",
   Number="3",
   Pages="342--348",
   Month="Jun"
}

@article{dima12,
    author = {Dill, Ken A. and MacCallum, Justin L.},
    journal = {Science},
    month = nov,
    number = {6110},
    pages = {1042--1046},
    publisher = {American Association for the Advancement of Science},
    title = {{The Protein-Folding Problem, 50 Years On}},
    volume = {338},
    year = {2012}
}

@inproceedings{klein98,
 author = {Klein, Philip N.},
 title = {Computing the Edit-Distance Between Unrooted Ordered Trees},
 booktitle = {Proceedings of the 6th Annual European Symposium on Algorithms},
 series = {ESA '98},
 year = {1998},
 pages = {91--102},
 publisher = {Springer-Verlag},
 address = {London, UK, UK},
}

@article{erd35,
author = {Erdšs P, Szekeres G.},
journal = {Compositio Mathematica},
keywords = {Geometry},
pages = {463-470},
publisher = {Noordhoff International},
title = {A combinatorial problem in geometry},
volume = {2},
year = {1935},
}

@article{lich82,
author = {Lichtenstein, D.},
title = {Planar Formulae and Their Uses},
journal = {SIAM Journal on Computing},
volume = {11},
number = {2},
pages = {329-343},
year = {1982},
}

@INPROCEEDINGS{carr00,
    author = {Robert D. Carr and Giuseppe Lancia and Sorin Istrail and Celera Genomics},
    title = {Branch-and-Cut Algorithms for Independent Set Problems: Integrality Gap and an Application to Protein Structure Alignment},
    booktitle = {SAND Report SAND2000-2171, Sandia National Laboratories, 2000, available at http://infoserve.sandia.gov/sand doc/2000/002171.pdf},
    year = {2000}
}

@article{strick05,
  title={Optimal protein structure alignment using maximum cliques},
  author={Strickland, Dawn M and Barnes, Earl and Sokol, Joel S},
  journal={Operations research},
  volume={53},
  number={3},
  pages={389--402},
  year={2005},
  publisher={INFORMS}
}

@article{cap04,
  title={1001 optimal PDB structure alignments: integer programming methods for finding the maximum contact map overlap},
  author={Caprara, Alberto and Carr, Robert and Istrail, Sorin and Lancia, Giuseppe and Walenz, Brian},
  journal={Journal of Computational Biology},
  volume={11},
  number={1},
  pages={27--52},
  year={2004},
  publisher={Mary Ann Liebert, Inc.}
}


@article{xie07,
  title={A reduction-based exact algorithm for the contact map overlap problem},
  author={Xie, Wei and Sahinidis, Nikolaos V},
  journal={Journal of Computational Biology},
  volume={14},
  number={5},
  pages={637--654},
  year={2007},
  publisher={Mary Ann Liebert, Inc. 2 Madison Avenue Larchmont, NY 10538 USA}
}

@article{andonov04,
  title={Protein threading: From mathematical models to parallel implementations},
  author={Andonov, Rumen and Balev, Stefan and Yanev, Nicola},
  journal={INFORMS Journal on Computing},
  volume={16},
  number={4},
  pages={393--405},
  year={2004},
  publisher={INFORMS}
}

@incollection{andonov08,
  title={An efficient lagrangian relaxation for the contact map overlap problem},
  author={Andonov, Rumen and Yanev, Nicola and Malod-Dognin, No{\"e}l},
  booktitle={Algorithms in Bioinformatics},
  pages={162--173},
  year={2008},
  publisher={Springer}
}


@article{hosa96,
  author = {Holm, L. and Sander, C.},
  journal = {Science},
  keywords = {bioinformatics proteomics},
  month = {August},
  number = 5275,
  pages = {595--603},
  title = {Mapping the protein universe},
  volume = 273,
  year = 1996
}

@article{hosa93,
  author = {Holm, L. and Sander, C.},
  journal = {J. Mol. Biol.},
  pages = {123-138},
  title = {Protein Structure Comparison by Alignment of Distance Matrices},
  volume = 233,
  year = 1993
}


@inproceedings{huph04,
  author = {Hu, Hae-Jin and Pan, Yi and Harrison, Robert W. and Tai, Phang C.},
  booktitle = {Data Mining and Knowledge Discovery: Theory, Tools, and Technology},
  editor = {Dasarathy, Belur V.},
  pages = {80-87},
  publisher = {SPIE},
  series = {SPIE Proceedings},
  title = {Protein secondary structure prediction using support vector machine with advanced encoding schemes.},
  volume = 5433,
  year = 2004
}

@Article{sasc91,
   Author="Sander, C.  and Schneider, R. ",
   Title="{{D}atabase of homology-derived protein structures and the structural meaning of sequence alignment}",
   Journal="Proteins",
   Year="1991",
   Volume="9",
   Number="1",
   Pages="56--68"
}

@Article{cost80,
   Author="Cohen, F. E.  and Sternberg, M. J. ",
   Title="{{O}n the prediction of protein structure: {T}he significance of the root-mean-square deviation}",
   Journal="J. Mol. Biol.",
   Year="1980",
   Volume="138",
   Number="2",
   Pages="321--333",
   Month="Apr"
}

@article {diamond92,
author = {Diamond, R.},
title = {On the multiple simultaneous superposition of molecular structures by rigid body transformations},
journal = {Protein Science},
volume = {1},
number = {10},
publisher = {Cold Spring Harbor Laboratory Press},
pages = {1279--1287},
year = {1992},
}

@article{diamond88,
author = "Diamond, R.",
title = "{A note on the rotational superposition problem}",
journal = "Acta Crystallographica Section A",
year = "1988",
volume = "44",
number = "2",
pages = "211--216",
month = "Mar",
}

@article {bljo93,
author = {Blundell, Tom L. and Johnson, Mark S.},
title = {Catching a common fold},
journal = {Protein Science},
volume = {2},
number = {6},
publisher = {Cold Spring Harbor Laboratory Press},
pages = {877--883},
year = {1993},
}

@article {vrsa91,
author = {Vriend, Gerrit and Sander, Chris},
title = {Detection of common three-dimensional substructures in proteins},
journal = {Proteins: Structure, Function, and Bioinformatics},
volume = {11},
number = {1},
publisher = {Wiley Subscription Services, Inc., A Wiley Company},
pages = {52--58},
year = {1991},
}

@Article{taor89,
   Author="Taylor, W. R.  and Orengo, C. A. ",
   Title="{{A} holistic approach to protein structure alignment}",
   Journal="Protein Eng.",
   Year="1989",
   Volume="2",
   Number="7",
   Pages="505--519",
   Month="May"
}

@Article{zuso89,
   Author="Zuker, M.  and Somorjai, R. L. ",
   Title="{{T}he alignment of protein structures in three dimensions}",
   Journal="Bull. Math. Biol.",
   Year="1989",
   Volume="51",
   Number="1",
   Pages="55--78"
}

@Article{bele98,
   Author="Berger, B.  and Leighton, T. ",
   Title="{{P}rotein folding in the hydrophobic-hydrophilic ({H}{P}) model is {N}{P}-complete}",
   Journal="J. Comput. Biol.",
   Year="1998",
   Volume="5",
   Number="1",
   Pages="27--40"
}

@Article{crgp98,
  author = {Crescenzi, Pierluigi and Goldman, Deborah and Papadimitriou, Christos H. and Piccolboni, Antonio and Yannakakis, Mihalis},
  journal = {Journal of Computational Biology},
  number = 3,
  pages = {423-465},
  title = {On the Complexity of Protein Folding.},
  volume = 5,
  year = 1998
}
@article{kabsch76,
  title={A solution for the best rotation to relate two sets of vectors},
  author={Kabsch, Wolfgang},
  journal={Acta Crystallographica Section A: Crystal Physics, Diffraction, Theoretical and General Crystallography},
  volume={32},
  number={5},
  pages={922--923},
  year={1976},
  publisher={International Union of Crystallography}
}

@article{holm93,
  title={Protein structure comparison by alignment of distance matrices},
  author={Holm, Liisa and Sander, Chris},
  journal={Journal of molecular biology},
  volume={233},
  number={1},
  pages={123--138},
  year={1993},
  publisher={Elsevier}
}

@article{li13,
  title={The difficulty of protein structure alignment under the RMSD.},
  author={Li, Shuai Cheng and Lu, Songjian and Lu, Xinghua and Catanzaro, Daniele and Ravi, Ramamoorthi and Schwartz, Russell and Pontes, Beatriz and Gir{\'a}ldez, Ra{\'u}l and Aguilar-Ruiz, Jes{\'u}s S and Cui, Xuefeng and others},
  journal={Algorithms for Molecular Biology},
  volume={8},
  number={1},
  year={2013}
}


@article{bhat06,
  title={Projections for fast protein structure retrieval},
  author={Bhattacharya, Sourangshu and Bhattacharyya, Chiranjib and Chandra, Nagasuma R},
  journal={BMC bioinformatics},
  volume={7},
  number={Suppl 5},
  pages={S5},
  year={2006},
  publisher={BioMed Central Ltd}
}

@article{gosk94,
title={Flexible algorithm for direct multiple alignment of protein structures and sequences},
author={Godzik, Adam and Skolnick, Jeffrey},
journal={Computer applications in the biosciences: CABIOS},
volume={10},
number={6},
pages={587--596},
year={1994},
publisher={Oxford Univ Press}
}

@book{past82,
 author = {Papadimitriou, Christos H. and Steiglitz, Kenneth},
 title = {Combinatorial Optimization: Algorithms and Complexity},
 year = {1982},
 publisher = {Prentice-Hall, Inc.},
 address = {Upper Saddle River, NJ, USA},
}

@book{bets97,
 author = {Bertsimas, Dimitris and Tsitsiklis, John},
 title = {Introduction to Linear Optimization},
 year = {1997},
 edition = {1st},
 publisher = {Athena Scientific},
}

@Article{mitc98,
    author = {John E. Mitchell},
    title = {BRANCH-AND-CUT ALGORITHMS FOR INTEGER PROGRAMMING},
    year = {1998},
    URL = {http://homepages.rpi.edu/~mitchj/papers/bc_hao.pdf}
}

@book{bert99,
  author = {Bertsekas, D.P.},
  publisher = {Athena Scientific},
  title = {Nonlinear Programming},
  year = 1999
}

@article{
year={1987},
issn={0254-5330},
journal={Annals of Operations Research},
volume={10},
number={1},
title={Chapter 3 branch-and-bound algorithms for typical combinatorial optimization problems},
publisher={Baltzer Science Publishers, Baarn/Kluwer Academic Publishers},
pages={117-223},
}


@article{ackm05,
  author = {Achterberg, Tobias and Koch, Thorsten and Martin, Alexander},
  number = 1,
  pages = {42-54},
  title = {Branching rules revisited.},
  volume = 33,
  year = 2005
}

@article{duhs11,
 author = {Duchi, John and Hazan, Elad and Singer, Yoram},
 title = {Adaptive Subgradient Methods for Online Learning and Stochastic Optimization},
 journal = {J. Mach. Learn. Res.},
 volume = {12},
 month = jul,
 year = {2011},
 pages = {2121--2159},
}

@article{hewc74,
year={1974},
issn={0025-5610},
journal={Mathematical Programming},
volume={6},
number={1},
title={Validation of subgradient optimization},
publisher={Springer-Verlag},
author={Held, Michael and Wolfe, Philip and Crowder, HarlanP.},
pages={62-88},
}

@inproceedings{iybi13,
  author    = {Rishabh K. Iyer and
               Jeff A. Bilmes},
  title     = {Submodular Optimization with Submodular Cover and Submodular
               Knapsack Constraints},
  booktitle = {NIPS},
  year      = {2013},
  pages     = {2436-2444},
  ee        = {http://papers.nips.cc/paper/4911-submodular-optimization-with-submodular-cover-and-submodular-knapsack-constraints},
  crossref  = {DBLP:conf/nips/2013},
  bibsource = {DBLP, http://dblp.uni-trier.de}
}

@article{iyjb13,
  author    = {Rishabh Iyer and
               Stefanie Jegelka and
               Jeff Bilmes},
  title     = {Curvature and Optimal Algorithms for Learning and Minimizing
               Submodular Functions},
  journal   = {CoRR},
  volume    = {abs/1311.2110},
  year      = {2013},
}

@inproceedings{iybi12,
  author    = {Rishabh Iyer and
               Jeff A. Bilmes},
  title     = {Submodular-Bregman and the Lov{\'a}sz-Bregman Divergences
               with Applications},
  booktitle = {NIPS},
  year      = {2012},
  pages     = {2942-2950},
}
